
}
@article{anderson1986,
	title = {Leptospirosis in Hawaii: shifting trends in exposure, 1907-1984},
	author = {Anderson, B S and Minette, H P},
	year = {1986},
	month = {06},
	date = {1986-06-01},
	journal = {International journal of zoonoses},
	pages = {76--88},
	volume = {13},
	number = {2},
	note = {PMID: 3539849},
	langid = {eng}
}


@misc{agniel2018,
	title = {Les Marquises, archipel le plus isolé du monde, sont menacées par la pêche industrielle},
	author = {Agniel, Dominique},
	year = {2018},
	month = {02},
	date = {2018-02-05},
	url = {https://reporterre.net/Les-Marquises-archipel-le-plus-isole-du-monde-sont-menacees-par-la-peche},
	note = {Section: Info},
	langid = {fr}
}
